@misc{tweet_lenght,
      title={Adoption of Twitter's New Length Limit: Is 280 the New 140?}, 
      author={Kristina Gligorić and Ashton Anderson and Robert West},
      year={2020},
      eprint={2009.07661},
      archivePrefix={arXiv},
      primaryClass={cs.SI}
}

@book{iso8601, 
Author = {ISO{~}8601-1:2019}, 
publisher = {ISO, Geneva, Switzerland},
Title = {Part 1: Basic Rules: Date and time --
Representations for information interchange}, 
}

@article{scikit-learn,
 title={Scikit-learn: Machine Learning in {P}ython},
 author={Pedregosa, F. and Varoquaux, G. and Gramfort, A. and Michel, V.
         and Thirion, B. and Grisel, O. and Blondel, M. and Prettenhofer, P.
         and Weiss, R. and Dubourg, V. and Vanderplas, J. and Passos, A. and
         Cournapeau, D. and Brucher, M. and Perrot, M. and Duchesnay, E.},
 journal={Journal of Machine Learning Research},
 volume={12},
 pages={2825--2830},
 year={2011}
}

@article{holdout,
  title={A survey of cross-validation procedures for model selection},
  author={Sylvain Arlot and Alain Celisse},
  journal={Statistics Surveys},
  year={2010},
  volume={4},
  pages={40-79}
}

@misc{word_cloud,
author={Andreas Mueller and
                  Jean-Christophe Fillion-Robin and
                  Raphael Boidol and
                  Font Tian and
                  Paul Nechifor and
                  yoonsubKim and
                  Peter and
                  Remi Rampin and
                  Marianne Corvellec and
                  Juan Medina and
                  Yuchao Dai and
                  Baze Petrushev and
                  Karol M. Langner and
                  Hong and
                  Alessio and
                  Ian Ozsvald and
                  vkolmakov and
                  Terry Jones and
                  Eric Bailey and
                  Valentina Rho and
                  IgorAPM and
                  Divakar Roy and
                  Chandler May and
                  foobuzz and
                  Piyush and
                  Low Kian Seong and
                  Jeroen Van Goey and
                  James Seden Smith and
                  Gus and
                  Feng Mai},
title={amueller/word\_cloud: WordCloud 1.5.0},
month={jul},
year=2018,
publisher={Zenodo},
version={1.5.0},
doi={10.5281/zenodo.1322068},
url={https://doi.org/10.5281/zenodo.1322068}
}

@book{ohe,
  title={Digital Design and Computer Architecture},
  author={Harris, D. and Harris, S.L.},
  isbn={9780123944245},
  lccn={2012554037},
  series={Engineering professional collection},
  url={https://books.google.it/books?id=-DG18Nf7jLcC},
  year={2013},
  publisher={Elsevier Science}
}

@book{nlkt,
  title={Natural Language Processing with Python: Analyzing Text with the Natural Language Toolkit},
  author={Bird, S. and Klein, E. and Loper, E.},
  isbn={9780596555719},
  lccn={2010455716},
  url={https://books.google.com.au/books?id=KGIbfiiP1i4C},
  year={2009},
  publisher={O'Reilly Media}
}

@article{vader,
    title={VADER: A Parsimonious Rule-Based Model for Sentiment Analysis of Social Media Text},
    volume={8},
    url={https://ojs.aaai.org/index.php/ICWSM/article/view/14550},
    author={Hutto, C. and Gilbert, Eric},
    year={2014},
    month={May},
    pages={216-225}
}

@article{textblob,
  title={textblob Documentation},
  author={Loria, Steven},
  journal={Release 0.15},
  volume={2},
  pages={269},
  year={2018}
}

@article{sentiment_analysis,
  title={Sentiment analysis and subjectivity.},
  author={Liu, Bing and others},
  journal={Handbook of natural language processing},
  volume={2},
  number={2010},
  pages={627--666},
  year={2010},
  publisher={Oxfordshire}
}

@inproceedings{wordembeddings,
  title={Advances in Pre-Training Distributed Word Representations},
  author={Mikolov, Tomas and Grave, Edouard and Bojanowski, Piotr and Puhrsch, Christian and Joulin, Armand},
  booktitle={Proceedings of the International Conference on Language Resources and Evaluation (LREC 2018)},
  year={2018}
}

@article{fasttext,
  title={FastText.zip: Compressing text classification models},
  author={Joulin, Armand and Grave, Edouard and Bojanowski, Piotr and Douze, Matthijs and J{\'e}gou, H{\'e}rve and Mikolov, Tomas},
  journal={arXiv preprint arXiv:1612.03651},
  year={2016}
}

@InProceedings{fasttextclassifier,
  title={Bag of Tricks for Efficient Text Classification},
  author={Joulin, Armand and Grave, Edouard and Bojanowski, Piotr and Mikolov, Tomas},
  booktitle={Proceedings of the 15th Conference of the European Chapter of the Association for Computational Linguistics: Volume 2, Short Papers},
  month={April},
  year={2017},
  publisher={Association for Computational Linguistics},
  pages={427--431},
}

@misc{utf8,
    author = "{Wikipedia contributors}",
    title = "UTF-8 --- {Wikipedia}{,} The Free Encyclopedia",
    year = "2022",
    howpublished = "\url{https://en.wikipedia.org/w/index.php?title=UTF-8&oldid=1064072349}",
    note = "[Online; accessed 6-January-2022]"
  }
  
@inproceedings{stemmingVSlemmatizing,
  title={Stemming and lemmatization in the clustering of finnish text documents},
  author={Korenius, Tuomo and Laurikkala, Jorma and J{\"a}rvelin, Kalervo and Juhola, Martti},
  booktitle={Proceedings of the thirteenth ACM international conference on Information and knowledge management},
  pages={625--633},
  year={2004}
}

@inproceedings{lemmatization,
  title={Open-source tools for morphology, lemmatization, POS tagging and named entity recognition},
  author={Strakov{\'a}, Jana and Straka, Milan and Hajic, Jan},
  booktitle={Proceedings of 52nd Annual Meeting of the Association for Computational Linguistics: System Demonstrations},
  pages={13--18},
  year={2014}
}

@article{stemming,
  title={Stemming algorithms: A case study for detailed evaluation},
  author={Hull, David A},
  journal={Journal of the American Society for Information Science},
  volume={47},
  number={1},
  pages={70--84},
  year={1996},
  publisher={Wiley Online Library}
}

@article{minmax,
  title={Normalization: A preprocessing stage},
  author={Patro, S and Sahu, Kishore Kumar},
  journal={arXiv preprint arXiv:1503.06462},
  year={2015}
}

@article{rf,
  title={Random forests},
  author={Breiman, Leo},
  journal={Machine learning},
  volume={45},
  number={1},
  pages={5--32},
  year={2001},
  publisher={Springer}
}

@inproceedings{bnb,
  title={A comparison of event models for naive bayes text classification},
  author={McCallum, Andrew and Nigam, Kamal and others},
  booktitle={AAAI-98 workshop on learning for text categorization},
  volume={752},
  number={1},
  pages={41--48},
  year={1998},
  organization={Citeseer}
}

@article{bernoulli,
  title={Multivariate bernoulli distribution},
  author={Dai, Bin and Ding, Shilin and Wahba, Grace},
  journal={Bernoulli},
  volume={19},
  number={4},
  pages={1465--1483},
  year={2013},
  publisher={Bernoulli Society for Mathematical Statistics and Probability}
}

@misc{svc,
    author = {Alex J. Smola and Bernhard Schölkopf},
    title = {A tutorial on support vector regression },
    year = {2004}
}

@article{gtb,
  title={Stochastic gradient boosting},
  author={Friedman, Jerome H},
  journal={Computational statistics \& data analysis},
  volume={38},
  number={4},
  pages={367--378},
  year={2002},
  publisher={Elsevier}
}

@article{histgtb,
  title={Lightgbm: A highly efficient gradient boosting decision tree},
  author={Ke, Guolin and Meng, Qi and Finley, Thomas and Wang, Taifeng and Chen, Wei and Ma, Weidong and Ye, Qiwei and Liu, Tie-Yan},
  journal={Advances in neural information processing systems},
  volume={30},
  pages={3146--3154},
  year={2017}
}

@article{snowflake,
  title={Snowflake Generation},
  author={Burgess, Julian}
}

@InProceedings{deffro,
author="Effrosynidis, Dimitrios
and Symeonidis, Symeon
and Arampatzis, Avi",
editor="Kamps, Jaap
and Tsakonas, Giannis
and Manolopoulos, Yannis
and Iliadis, Lazaros
and Karydis, Ioannis",
title="A Comparison of Pre-processing Techniques for Twitter Sentiment Analysis",
booktitle="Research and Advanced Technology for Digital Libraries",
year="2017",
publisher="Springer International Publishing",
address="Cham",
pages="394--406",
abstract="Pre-processing is considered to be the first step in text classification, and choosing the right pre-processing techniques can improve classification effectiveness. We experimentally compare 15 commonly used pre-processing techniques on two Twitter datasets. We employ three different machine learning algorithms, namely, Linear SVC, Bernoulli Na{\"i}ve Bayes, and Logistic Regression, and report the classification accuracy and the resulting number of features for each pre-processing technique. Finally, based on our results, we categorize these techniques based on their performance. We find that techniques like stemming, removing numbers, and replacing elongated words improve accuracy, while others like removing punctuation do not.",
isbn="978-3-319-67008-9"
}

@inproceedings{halving,
  title={Non-stochastic best arm identification and hyperparameter optimization},
  author={Jamieson, Kevin and Talwalkar, Ameet},
  booktitle={Artificial Intelligence and Statistics},
  pages={240--248},
  year={2016},
  organization={PMLR}
}

@article{halving_explanation,
  title={Hyperband: A novel bandit-based approach to hyperparameter optimization},
  author={Li, Lisha and Jamieson, Kevin and DeSalvo, Giulia and Rostamizadeh, Afshin and Talwalkar, Ameet},
  journal={The Journal of Machine Learning Research},
  volume={18},
  number={1},
  pages={6765--6816},
  year={2017},
  publisher={JMLR. org}
}